成交时间	成交价	价格变动	成交量(手)	成交额(元)	性质
15:00:20	18.39	-0.01	154	283206	卖盘
14:56:59	18.4	0.05	1	1839	中性盘
14:56:35	18.35	-0.14	20	36700	卖盘
14:56:32	18.49	0.14	72	134958	买盘
14:56:26	18.35	--	1	1853	卖盘
14:56:14	18.35	-0.15	5	9175	卖盘
14:56:11	18.5	0.2	131	244181	买盘
14:56:02	18.3	0.05	3	5490	中性盘
14:55:38	18.25	-0.1	10	18250	卖盘
14:55:38	18.35	0.15	185	339475	买盘
14:55:29	18.2	-0.02	213	387660	卖盘
14:55:26	18.22	0.02	2	3644	买盘
14:55:05	18.2	--	2	3640	卖盘
14:54:56	18.2	--	13	23660	卖盘
14:54:50	18.2	--	3	5460	卖盘
14:54:35	18.2	--	10	18200	卖盘
14:54:32	18.2	--	6	10920	卖盘
14:54:11	18.2	--	2	3640	卖盘
14:54:08	18.2	-0.05	14	25480	卖盘
14:53:59	18.25	0.05	250	457892	买盘
14:52:40	18.2	0.15	225	409518	买盘
14:52:34	18.05	--	2	3610	卖盘
14:51:37	18.05	--	2	3610	卖盘
14:51:34	18.05	--	4	7220	卖盘
14:49:31	18.05	-0.12	4	7220	卖盘
14:48:16	18.17	0.16	284	516936	买盘
14:46:37	18.01	-0.04	2	3602	卖盘
14:44:28	18.05	--	24	43320	卖盘
14:43:13	18.05	--	9	16245	卖盘
14:42:28	18.05	--	5	9025	卖盘
14:41:10	18.05	--	10	18050	卖盘
14:41:04	18.05	--	1	1805	卖盘
14:39:40	18.05	-0.05	1	1805	卖盘
14:39:22	18.1	--	6	10860	卖盘
14:39:19	18.1	--	3	5430	卖盘
14:39:16	18.1	--	2	3620	卖盘
14:39:13	18.1	--	2	3620	卖盘
14:39:10	18.1	--	7	12670	卖盘
14:39:04	18.1	--	9	16290	卖盘
14:38:58	18.1	--	5	9050	卖盘
14:38:55	18.1	--	15	27150	卖盘
14:38:49	18.1	-0.01	1	1810	卖盘
14:38:13	18.11	0.14	100	181100	买盘
14:37:25	17.97	--	1	1814	卖盘
14:37:19	17.97	--	15	26955	卖盘
14:30:34	17.97	--	16	30531	买盘
14:30:16	17.97	--	16	28752	买盘
14:30:13	17.97	--	5	8985	买盘
14:30:10	17.97	--	14	25158	买盘
14:30:04	17.97	--	20	35940	买盘
14:29:40	17.97	0.01	15	26955	中性盘
14:27:25	17.96	--	5	8980	卖盘
14:27:22	17.96	-0.18	1	1796	中性盘
14:26:34	18.14	0.05	150	272100	买盘
14:26:19	18.09	0.02	150	271350	买盘
14:25:28	18.07	0.07	200	361400	买盘
14:24:58	18.0	0.07	100	180000	买盘
14:24:31	17.93	--	2	3586	卖盘
14:17:37	17.93	-0.01	20	35860	卖盘
14:15:40	17.94	--	4	7176	买盘
14:15:07	17.94	0.01	6	10764	中性盘
14:14:28	17.93	-0.08	2	3586	中性盘
14:12:07	18.01	-0.06	4	7204	中性盘
14:06:58	18.07	0.04	100	180700	买盘
14:06:13	18.03	0.05	123	221769	买盘
14:00:04	17.98	0.08	2	3596	买盘
13:59:40	17.9	-0.05	4	7159	卖盘
13:57:10	17.95	0.03	2	3590	卖盘
13:56:40	17.92	0.03	77	138826	买盘
13:56:37	17.89	0.04	2	3578	中性盘
13:52:58	17.85	--	4	7140	卖盘
13:52:49	17.85	--	37	66045	卖盘
13:52:49	17.85	-0.01	9	16065	卖盘
13:52:16	17.86	--	8	14288	卖盘
13:52:07	17.86	-0.04	0	178	卖盘
13:49:46	17.9	0.03	15	26849	买盘
13:49:04	17.87	-0.02	9	16083	卖盘
13:48:58	17.89	--	1	1789	买盘
13:47:46	17.89	--	2	3578	卖盘
13:47:28	17.89	0.03	2	3578	中性盘
13:44:25	17.86	-0.01	4	7144	卖盘
13:43:16	17.87	--	2	3574	卖盘
13:43:04	17.87	--	2	3574	卖盘
13:42:19	17.87	--	2	3574	卖盘
13:41:46	17.87	0.01	58	103646	中性盘
13:40:25	17.86	-0.06	170	305227	卖盘
13:40:01	17.92	--	5	8960	买盘
13:38:19	17.92	0.01	13	23296	买盘
13:36:46	17.91	-0.01	2	3582	卖盘
13:33:25	17.92	--	26	46592	买盘
13:31:31	17.92	--	10	17920	买盘
13:31:07	17.92	-0.08	10	17920	卖盘
13:30:37	18.0	0.08	15	27000	买盘
13:28:28	17.92	0.01	3	5376	中性盘
13:23:25	17.91	--	5	8955	卖盘
13:22:16	17.91	-0.04	6	10746	卖盘
13:21:16	17.95	--	10	17950	卖盘
13:21:10	17.95	0.04	8	15257	买盘
13:19:34	17.91	-0.04	10	17910	卖盘
13:19:16	17.95	--	1	2692	卖盘
13:18:40	17.95	--	5	8975	卖盘
13:18:13	17.95	-0.05	20	35900	卖盘
13:17:04	18.0	--	1	2160	卖盘
13:15:28	18.0	--	1	3240	买盘
13:12:04	18.0	--	2	3600	卖盘
13:11:52	18.0	-0.01	8	14400	卖盘
13:11:28	18.01	--	8	15308	卖盘
13:11:19	18.01	--	2	3602	卖盘
13:10:22	18.01	--	2	3602	卖盘
13:10:10	18.01	--	6	10806	卖盘
13:09:49	18.01	--	1	2701	卖盘
13:08:52	18.01	--	5	9005	卖盘
13:08:28	18.01	--	3	5403	卖盘
13:08:22	18.01	--	2	3602	卖盘
13:08:01	18.01	0.01	1	1801	中性盘
13:06:31	18.0	-0.02	10	18000	卖盘
13:06:19	18.02	0.02	2	3604	中性盘
13:04:58	18.0	0.01	33	59400	买盘
13:03:22	17.99	0.04	14	25203	买盘
13:02:04	17.95	--	1	2692	卖盘
13:01:52	17.95	-0.02	3	5385	卖盘
13:00:58	17.97	0.02	3	5391	买盘
13:00:49	17.95	-0.03	5	8975	卖盘
13:00:04	17.98	--	1	1798	买盘
11:28:53	17.98	0.03	1	1798	买盘
11:23:35	17.95	--	1	1795	卖盘
11:22:32	17.95	-0.05	12	21540	卖盘
11:21:32	18.0	--	26	46800	卖盘
11:21:29	18.0	--	1	1800	卖盘
11:21:08	18.0	--	10	18000	卖盘
11:20:56	18.0	--	2	3600	卖盘
11:20:32	18.0	--	1	1800	卖盘
11:20:11	18.0	--	1	1800	卖盘
11:20:05	18.0	--	9	16200	买盘
11:19:59	18.0	--	5	9000	卖盘
11:19:50	18.0	--	3	5400	卖盘
11:19:29	18.0	--	2	3600	买盘
11:17:47	18.0	--	23	41400	卖盘
11:17:17	18.0	--	4	7200	卖盘
11:17:05	18.0	--	3	5400	卖盘
11:17:02	18.0	-0.03	2	3600	卖盘
11:16:59	18.03	0.07	150	270450	买盘
11:16:44	17.96	-0.02	6	10776	中性盘
11:10:08	17.98	0.01	14	25172	买盘
11:09:26	17.97	--	2	3594	卖盘
11:09:05	17.97	-0.01	14	25158	中性盘
11:05:14	17.98	0.17	2	3596	中性盘
11:02:35	17.81	-0.13	130	231529	卖盘
11:01:23	17.94	-0.06	1	1794	卖盘
11:00:05	18.0	--	120	216000	买盘
10:58:23	18.0	0.2	155	279000	买盘
10:55:47	17.8	-0.05	50	89000	卖盘
10:55:41	17.85	--	11	19635	卖盘
10:55:20	17.85	-0.04	4	7140	卖盘
10:54:02	17.89	--	10	17890	买盘
10:53:44	17.89	0.04	1	1789	中性盘
10:49:14	17.85	--	9	16065	买盘
10:48:08	17.85	--	1	1785	卖盘
10:47:56	17.85	--	4	7140	买盘
10:47:20	17.85	--	2	3570	买盘
10:47:05	17.85	--	5	8925	买盘
10:46:53	17.85	--	1	1785	买盘
10:46:38	17.85	--	7	12495	卖盘
10:44:59	17.85	--	1	1785	卖盘
10:43:59	17.85	--	2	3570	卖盘
10:43:50	17.85	-0.05	6	10710	卖盘
10:41:53	17.9	0.09	69	123509	买盘
10:40:44	17.81	-0.04	20	35620	卖盘
10:40:14	17.85	-0.01	3	5355	卖盘
10:39:02	17.86	--	4	7144	卖盘
10:38:26	17.86	--	10	17860	卖盘
10:37:38	17.86	--	1	1786	卖盘
10:37:14	17.86	-0.03	5	8930	卖盘
10:35:11	17.89	--	12	21468	卖盘
10:34:53	17.89	--	4	7156	卖盘
10:34:14	17.89	--	6	10734	卖盘
10:33:26	17.89	0.03	10	17890	买盘
10:33:23	17.86	--	5	8930	卖盘
10:32:53	17.86	--	10	17860	卖盘
10:32:29	17.86	--	2	3572	卖盘
10:32:17	17.86	--	3	5358	中性盘
10:30:29	17.86	0.01	8	14288	中性盘
10:27:14	17.85	-0.05	20	35700	中性盘
10:25:47	17.9	--	2	3579	买盘
10:25:44	17.9	--	13	23269	卖盘
10:25:41	17.9	--	41	73390	卖盘
10:25:02	17.9	-0.1	1	1789	卖盘
10:24:32	18.0	--	5	9000	卖盘
10:24:08	18.0	--	2	3600	卖盘
10:24:02	18.0	--	20	36000	买盘
10:23:53	18.0	--	10	18000	买盘
10:23:26	18.0	0.1	140	252000	买盘
10:23:11	17.9	0.01	5	8950	卖盘
10:22:41	17.89	--	2	3578	买盘
10:22:23	17.89	0.06	1	1789	买盘
10:21:59	17.83	-0.06	4	7131	卖盘
10:21:56	17.89	-0.01	2	3578	卖盘
10:21:20	17.9	--	1	1789	买盘
10:21:11	17.9	0.01	7	12529	买盘
10:20:53	17.89	-0.01	6	10734	中性盘
10:20:08	17.9	--	5	8950	买盘
10:19:59	17.9	0.13	20	35800	买盘
10:19:56	17.77	-0.13	2	3554	卖盘
10:19:53	17.9	--	4	7159	卖盘
10:19:23	17.9	-0.1	1	1789	中性盘
10:18:32	18.0	0.05	137	246600	买盘
10:17:58	17.95	--	17	30515	卖盘
10:17:55	17.95	--	1	1795	卖盘
10:17:52	17.95	--	7	12565	卖盘
10:17:43	17.95	--	10	17950	卖盘
10:17:37	17.95	-0.05	5	8975	卖盘
10:17:25	18.0	--	2	3600	买盘
10:17:22	18.0	-0.04	5	9000	买盘
10:17:07	18.04	0.04	10	18040	买盘
10:17:04	18.0	--	9	16200	卖盘
10:17:01	18.0	--	12	21600	卖盘
10:16:49	18.0	0.01	1	1800	卖盘
10:16:28	17.99	0.31	201	361598	买盘
10:16:22	17.68	0.05	2	3536	买盘
10:16:16	17.63	-0.06	9	15867	中性盘
10:15:22	17.69	0.06	43	76067	买盘
10:14:04	17.63	-0.01	50	88150	卖盘
10:14:01	17.64	0.01	5	8820	买盘
10:13:28	17.63	-0.01	6	10578	中性盘
10:12:55	17.64	0.06	10	17640	买盘
10:12:31	17.58	0.03	9	15821	买盘
10:12:10	17.55	-0.03	40	70200	卖盘
10:11:25	17.58	--	1	1757	买盘
10:09:37	17.58	0.03	1	1757	中性盘
10:06:04	17.55	-0.01	1	1755	中性盘
10:05:01	17.56	0.02	2	3511	买盘
10:01:37	17.54	-0.01	27	47358	卖盘
10:00:43	17.55	--	1	1755	中性盘
09:59:43	17.55	--	26	45630	卖盘
09:59:28	17.55	--	10	17550	卖盘
09:58:55	17.55	--	2	3510	买盘
09:58:46	17.55	-0.01	5	8775	卖盘
09:58:01	17.56	-0.01	11	19316	卖盘
09:57:37	17.57	-0.03	3	5271	中性盘
09:56:40	17.6	0.03	3	5280	中性盘
09:53:07	17.57	0.02	1	1757	中性盘
09:51:00	17.55	0.01	2	3510	买盘
09:50:57	17.54	--	5	8770	卖盘
09:50:33	17.54	0.04	3	5262	买盘
09:50:06	17.5	-0.04	8	14000	卖盘
09:48:36	17.54	0.06	2	3508	中性盘
09:45:48	17.48	--	4	6992	卖盘
09:45:27	17.48	-0.02	10	17480	卖盘
09:44:33	17.5	--	9	15750	卖盘
09:42:09	17.5	0.02	1	1750	中性盘
09:32:48	17.48	--	2	3496	买盘
09:31:57	17.48	--	6	10488	卖盘
09:31:03	17.48	-0.03	4	6992	卖盘
09:30:06	17.51	17.51	5	8755	买盘
